% Use this file for citations not found in the ACL Anthology (contained in "anthology.bib").
@article{yang2020introduction,
  title={Introduction to 3D vision},
  author={Yang, T.Y.},
  journal={Medium},
  year={2020},
  month={November 6},
  url={https://towardsdatascience.com/introduction-to-3d-vision-d90f491207fc}
}

@article{imageformation,
  title={Image formation and pinhole camera model},
  author={Faisal Qureshi},
  journal={Ontario Tech University},
  url={https://csundergrad.science.uoit.ca/courses/cv-notes/notebooks/01-image-formation.html#}
}
